
@article{chen2022molecular,
  title={Molecular profile reveals immune-associated markers of medulloblastoma for different subtypes},
  author={Chen, Jinyi and Kang, Zhuang and Li, Shenglan and Wang, Can and Zheng, Xiaohong and Cai, Zehao and Pan, Lexin and Chen, Feng and Li, Wenbin},
  journal={Frontiers in Immunology},
  volume={13},
  pages={911260},
  year={2022},
  publisher={Frontiers Media SA}
}

@article{pinero2016disgenet,
  title={DisGeNET: a comprehensive platform integrating information on human disease-associated genes and variants},
  author={Pi{\~n}ero, Janet and Bravo, {\`A}lex and Queralt-Rosinach, N{\'u}ria and Guti{\'e}rrez-Sacrist{\'a}n, Alba and Deu-Pons, Jordi and Centeno, Emilio and Garc{\'\i}a-Garc{\'\i}a, Javier and Sanz, Ferran and Furlong, Laura I},
  journal={Nucleic acids research},
  pages={gkw943},
  year={2016},
  publisher={Oxford University Press}
}

@article{robinson2010edger,
  title={edgeR: a Bioconductor package for differential expression analysis of digital gene expression data},
  author={Robinson, Mark D and McCarthy, Davis J and Smyth, Gordon K},
  journal={bioinformatics},
  volume={26},
  number={1},
  pages={139--140},
  year={2010},
  publisher={Oxford University Press}
}

@article{love2014moderated,
  title={Moderated estimation of fold change and dispersion for RNA-seq data with DESeq2},
  author={Love, Michael I and Huber, Wolfgang and Anders, Simon},
  journal={Genome biology},
  volume={15},
  number={12},
  pages={1--21},
  year={2014},
  publisher={BioMed Central}
}

@article{kuleshov2016enrichr,
  title={Enrichr: a comprehensive gene set enrichment analysis web server 2016 update},
  author={Kuleshov, Maxim V and Jones, Matthew R and Rouillard, Andrew D and Fernandez, Nicolas F and Duan, Qiaonan and Wang, Zichen and Koplev, Simon and Jenkins, Sherry L and Jagodnik, Kathleen M and Lachmann, Alexander and others},
  journal={Nucleic acids research},
  volume={44},
  number={W1},
  pages={W90--W97},
  year={2016},
  publisher={Oxford University Press}
}

@inproceedings{asnicar2015tn,
  title={TN-Grid and gene@ home project: Volunteer Computing for Bioinformatics},
  author={Asnicar, Francesco and Sella, Nadir and Masera, Luca and Morettin, Paolo and Tolio, Thomas and Semeniuta, Stanislau and Moser, Claudio and Blanzieri, Enrico and Cavecchia, Valter and others},
  booktitle={CEUR WORKSHOP PROCEEDINGS},
  pages={1--15},
  year={2015},
  organization={Aachen University}
}

@article{jones2001scipy,
  title={SciPy: Open source scientific tools for Python},
  author={Jones, Eric and Oliphant, Travis and Peterson, Pearu and others},
  year={2001},
  publisher={https://www. scipy. org}
}

@article{harris2020array,
  title={Array programming with NumPy},
  author={Harris, Charles R and Millman, K Jarrod and Van Der Walt, St{\'e}fan J and Gommers, Ralf and Virtanen, Pauli and Cournapeau, David and Wieser, Eric and Taylor, Julian and Berg, Sebastian and Smith, Nathaniel J and others},
  journal={Nature},
  volume={585},
  number={7825},
  pages={357--362},
  year={2020},
  publisher={Nature Publishing Group UK London}
}

@article{virshup2021anndata,
  title={anndata: Annotated data},
  author={Virshup, Isaac and Rybakov, Sergei and Theis, Fabian J and Angerer, Philipp and Wolf, F Alexander},
  journal={BioRxiv},
  pages={2021--12},
  year={2021},
  publisher={Cold Spring Harbor Laboratory}
}

@misc{biomart_ensembl110,
  title={BioMart: Biological queries made easy},
  howpublished={https://www.ensembl.org/biomart/martview/},
  organization={BioMart Project},
  year={2023},
  note={Ensembl version 110},
}

@article{wolf2018scanpy,
  title={SCANPY: large-scale single-cell gene expression data analysis},
  author={Wolf, F Alexander and Angerer, Philipp and Theis, Fabian J},
  journal={Genome biology},
  volume={19},
  pages={1--5},
  year={2018},
  publisher={Springer}
}

@article{vladoiu2019childhood,
  title={Childhood cerebellar tumours mirror conserved fetal transcriptional programs},
  author={Vladoiu, Maria C and El-Hamamy, Ibrahim and Donovan, Laura K and Farooq, Hamza and Holgado, Borja L and Sundaravadanam, Yogi and Ramaswamy, Vijay and Hendrikse, Liam D and Kumar, Sachin and Mack, Stephen C and others},
  journal={Nature},
  volume={572},
  number={7767},
  pages={67--73},
  year={2019},
  publisher={Nature Publishing Group UK London}
}

@article{riemondy2022neoplastic,
  title={Neoplastic and immune single-cell transcriptomics define subgroup-specific intra-tumoral heterogeneity of childhood medulloblastoma},
  author={Riemondy, Kent A and Venkataraman, Sujatha and Willard, Nicholas and Nellan, Anandani and Sanford, Bridget and Griesinger, Andrea M and Amani, Vladimir and Mitra, Siddhartha and Hankinson, Todd C and Handler, Michael H and others},
  journal={Neuro-oncology},
  volume={24},
  number={2},
  pages={273--286},
  year={2022},
  publisher={Oxford University Press US}
}

@article{szklarczyk2019string,
  title={STRING v11: protein--protein association networks with increased coverage, supporting functional discovery in genome-wide experimental datasets},
  author={Szklarczyk, Damian and Gable, Annika L and Lyon, David and Junge, Alexander and Wyder, Stefan and Huerta-Cepas, Jaime and Simonovic, Milan and Doncheva, Nadezhda T and Morris, John H and Bork, Peer and others},
  journal={Nucleic acids research},
  volume={47},
  number={D1},
  pages={D607--D613},
  year={2019},
  publisher={Oxford University Press}
}

@inproceedings{seabold2010statsmodels,
  title={Statsmodels: Econometric and statistical modeling with python},
  author={Seabold, Skipper and Perktold, Josef},
  booktitle={Proceedings of the 9th Python in Science Conference},
  volume={57},
  number={61},
  pages={10--25080},
  year={2010},
  organization={Austin, TX}
}

@article{carta2020cancer,
  title={Cancer predisposition syndromes and medulloblastoma in the molecular era},
  author={Carta, Roberto and Del Baldo, Giada and Miele, Evelina and Po, Agnese and Besharat, Zein Mersini and Nazio, Francesca and Colafati, Giovanna Stefania and Piccirilli, Eleonora and Agolini, Emanuele and Rinelli, Martina and others},
  journal={Frontiers in oncology},
  volume={10},
  pages={566822},
  year={2020},
  publisher={Frontiers Media SA}
}

@article{kumar2017challenges,
  title={Challenges and recent advances in medulloblastoma therapy},
  author={Kumar, Vinod and Kumar, Virender and McGuire, Timothy and Coulter, Donald W and Sharp, John G and Mahato, Ram I},
  journal={Trends in pharmacological sciences},
  volume={38},
  number={12},
  pages={1061--1084},
  year={2017},
  publisher={Elsevier}
}


@article{northcott2012medulloblastomics,
  title={Medulloblastomics: the end of the beginning},
  author={Northcott, Paul A and Jones, David TW and Kool, Marcel and Robinson, Giles W and Gilbertson, Richard J and Cho, Yoon-Jae and Pomeroy, Scott L and Korshunov, Andrey and Lichter, Peter and Taylor, Michael D and others},
  journal={Nature Reviews Cancer},
  volume={12},
  number={12},
  pages={818--834},
  year={2012},
  publisher={Nature Publishing Group UK London}
}

@article{hovestadt2020medulloblastomics,
  title={Medulloblastomics revisited: biological and clinical insights from thousands of patients},
  author={Hovestadt, Volker and Ayrault, Olivier and Swartling, Fredrik J and Robinson, Giles W and Pfister, Stefan M and Northcott, Paul A},
  journal={Nature Reviews Cancer},
  volume={20},
  number={1},
  pages={42--56},
  year={2020},
  publisher={Nature Publishing Group UK London}
}


@article{bitar2019genes,
  title={Genes with human-specific features are primarily involved with brain, immune and metabolic evolution},
  author={Bitar, Main{\'a} and Kuiper, Stefanie and Oâ€™Brien, Elizabeth A and Barry, Guy},
  journal={BMC bioinformatics},
  volume={20},
  number={9},
  pages={1--12},
  year={2019},
  publisher={BioMed Central}
}

@misc{fantom5,
  title = {Functional Annotation of the Mammalian Genome 5 (FANTOM5)},
  howpublished = {\url{http://fantom.gsc.riken.jp/5/}},
  year = {2014},
  note = {Accessed: October 16, 2023}
}

@techreport{hagberg2008exploring,
  title={Exploring network structure, dynamics, and function using NetworkX},
  author={Hagberg, Aric and Swart, Pieter and S Chult, Daniel},
  year={2008},
  institution={Los Alamos National Lab.(LANL), Los Alamos, NM (United States)}
}

@book{van1995python,
  title={Python reference manual},
  author={Van Rossum, Guido and Drake Jr, Fred L},
  year={1995},
  publisher={Centrum voor Wiskunde en Informatica Amsterdam}
}

@article{li2022exaggerated,
  title={Exaggerated false positives by popular differential expression methods when analyzing human population samples},
  author={Li, Yumei and Ge, Xinzhou and Peng, Fanglue and Li, Wei and Li, Jingyi Jessica},
  journal={Genome biology},
  volume={23},
  number={1},
  pages={79},
  year={2022},
  publisher={Springer}
}

@article{thomas2022panther,
  title={PANTHER: Making genome-scale phylogenetics accessible to all},
  author={Thomas, Paul D and Ebert, Dustin and Muruganujan, Anushya and Mushayahama, Tremayne and Albou, Laurent-Philippe and Mi, Huaiyu},
  journal={Protein Science},
  volume={31},
  number={1},
  pages={8--22},
  year={2022},
  publisher={Wiley Online Library}
}

@article{st2022role,
  title={The role of contactin-associated protein-like 2 in neurodevelopmental disease and human cerebral cortex evolution},
  author={St George-Hyslop, Frances and Kivisild, Toomas and Livesey, Frederick J},
  journal={Frontiers in Molecular Neuroscience},
  volume={15},
  pages={1017144},
  year={2022},
  publisher={Frontiers}
}

@article{de2021cortical,
  title={Cortical overgrowth in a preclinical forebrain organoid model of CNTNAP2-associated autism spectrum disorder},
  author={de Jong, Job O and Llapashtica, Ceyda and Genestine, Matthieu and Strauss, Kevin and Provenzano, Frank and Sun, Yan and Zhu, Huixiang and Cortese, Giuseppe P and Brundu, Francesco and Brigatti, Karlla W and others},
  journal={Nature Communications},
  volume={12},
  number={1},
  pages={4087},
  year={2021},
  publisher={Nature Publishing Group UK London}
}

@article{thakker2001rab3a,
  title={Rab3A is required for brain-derived neurotrophic factor-induced synaptic plasticity: transcriptional analysis at the population and single-cell levels},
  author={Thakker-Varia, Smita and Alder, Janet and Crozier, Robert A and Plummer, Mark R and Black, Ira B},
  journal={Journal of Neuroscience},
  volume={21},
  number={17},
  pages={6782--6790},
  year={2001},
  publisher={Soc Neuroscience}
}

@article{bath2006variant,
  title={Variant BDNF (Val66Met) impact on brain structure and function},
  author={Bath, Kevin G and Lee, Francis S},
  journal={Cognitive, Affective, \& Behavioral Neuroscience},
  volume={6},
  number={1},
  pages={79--85},
  year={2006},
  publisher={Springer}
}

@article{huang2003trk,
  title={Trk receptors: roles in neuronal signal transduction},
  author={Huang, Eric J and Reichardt, Louis F},
  journal={Annual review of biochemistry},
  volume={72},
  number={1},
  pages={609--642},
  year={2003},
  publisher={Annual Reviews 4139 El Camino Way, PO Box 10139, Palo Alto, CA 94303-0139, USA}
}

@article{stripay2019medu,
  title={MEDU-24. INTERROGATING THE ROLE OF EPIGENETIC REGULATORS IN MYC-DRIVEN MEDULLOBLASTOMA},
  author={Stripay, Jennifer and Morfouace, Marie and Vakoc, Christopher and Roussel, Martine},
  journal={Neuro-Oncology},
  volume={21},
  number={Suppl 2},
  pages={ii108},
  year={2019},
  publisher={Oxford University Press}
}

@article{badodi2021inositol,
  title={Inositol treatment inhibits medulloblastoma through suppression of epigenetic-driven metabolic adaptation},
  author={Badodi, Sara and Pomella, Nicola and Zhang, Xinyu and Rosser, Gabriel and Whittingham, John and Niklison-Chirou, Maria Victoria and Lim, Yau Mun and Brandner, Sebastian and Morrison, Gillian and Pollard, Steven M and others},
  journal={Nature communications},
  volume={12},
  number={1},
  pages={2148},
  year={2021},
  publisher={Nature Publishing Group UK London}
}

@article{schmidt2010bdnf,
  title={BDNF and PDE4, but not the GRPR, regulate viability of human medulloblastoma cells},
  author={Schmidt, Anna Laura and de Farias, Caroline Brunetto and Abujamra, Ana Lucia and Kapczinski, Fl{\'a}vio and Schwartsmann, Gilberto and Brunetto, Algemir Lunardi and Roesler, Rafael},
  journal={Journal of molecular neuroscience},
  volume={40},
  pages={303--310},
  year={2010},
  publisher={Springer}
}

@article{ou2006monoamine,
  title={Monoamine oxidase A and repressor R1 are involved in apoptotic signaling pathway},
  author={Ou, Xiao-Ming and Chen, Kevin and Shih, Jean C},
  journal={Proceedings of the National Academy of Sciences},
  volume={103},
  number={29},
  pages={10923--10928},
  year={2006},
  publisher={National Acad Sciences}
}

@article{du2019leukotriene,
  title={Leukotriene synthesis is critical for medulloblastoma progression},
  author={Du, Fang and Yuelling, Larra and Lee, Eric H and Wang, Yuan and Liao, Shengyou and Cheng, Yan and Zhang, Li and Zheng, Chaonan and Peri, Suraj and Cai, Kathy Q and others},
  journal={Clinical Cancer Research},
  volume={25},
  number={21},
  pages={6475--6486},
  year={2019},
  publisher={AACR}
}

@article{gillespie2022reactome,
  title={The reactome pathway knowledgebase 2022},
  author={Gillespie, Marc and Jassal, Bijay and Stephan, Ralf and Milacic, Marija and Rothfels, Karen and Senff-Ribeiro, Andrea and Griss, Johannes and Sevilla, Cristoffer and Matthews, Lisa and Gong, Chuqiao and others},
  journal={Nucleic acids research},
  volume={50},
  number={D1},
  pages={D687--D692},
  year={2022},
  publisher={Oxford University Press}
}

@article{10.1093/database/bay003,
    author = {Palasca, Oana and Santos, Alberto and Stolte, Christian and Gorodkin, Jan and Jensen, Lars Juhl},
    title = "{TISSUES 2.0: an integrative web resource on mammalian tissue expression}",
    journal = {Database},
    volume = {2018},
    pages = {bay003},
    year = {2018},
    month = {02},
    issn = {1758-0463},
    doi = {10.1093/database/bay003},
    url = {https://doi.org/10.1093/database/bay003},
    eprint = {https://academic.oup.com/database/article-pdf/doi/10.1093/database/bay003/27438440/bay003.pdf},
}

@article{ashburner2000gene,
  title={Gene ontology: tool for the unification of biology},
  author={Ashburner, Michael and Ball, Catherine A and Blake, Judith A and Botstein, David and Butler, Heather and Cherry, J Michael and Davis, Allan P and Dolinski, Kara and Dwight, Selina S and Eppig, Janan T and others},
  journal={Nature genetics},
  volume={25},
  number={1},
  pages={25--29},
  year={2000},
  publisher={Nature Publishing Group}
}

@article{mistry2021pfam,
  title={Pfam: The protein families database in 2021},
  author={Mistry, Jaina and Chuguransky, Sara and Williams, Lowri and Qureshi, Matloob and Salazar, Gustavo A and Sonnhammer, Erik LL and Tosatto, Silvio CE and Paladin, Lisanna and Raj, Shriya and Richardson, Lorna J and others},
  journal={Nucleic acids research},
  volume={49},
  number={D1},
  pages={D412--D419},
  year={2021},
  publisher={Oxford University Press}
}

@article{kanehisa2000kegg,
  title={KEGG: kyoto encyclopedia of genes and genomes},
  author={Kanehisa, Minoru and Goto, Susumu},
  journal={Nucleic acids research},
  volume={28},
  number={1},
  pages={27--30},
  year={2000},
  publisher={Oxford University Press}
}

@article{yuan2010erk,
  title={ERK activation of p21 activated kinase-1 (Pak1) is critical for medulloblastoma cell migration},
  author={Yuan, Liangping and Santi, Mariarita and Rushing, Elisabeth J and Cornelison, Robert and MacDonald, Tobey J},
  journal={Clinical \& experimental metastasis},
  volume={27},
  pages={481--491},
  year={2010},
  publisher={Springer}
}

@article{macdonald2001expression,
  title={Expression profiling of medulloblastoma: PDGFRA and the RAS/MAPK pathway as therapeutic targets for metastatic disease},
  author={MacDonald, Tobey J and Brown, Kevin M and LaFleur, Bonnie and Peterson, Katia and Lawlor, Christopher and Chen, Yidong and Packer, Roger J and Cogen, Philip and Stephan, Dietrich A},
  journal={Nature genetics},
  volume={29},
  number={2},
  pages={143--152},
  year={2001},
  publisher={Nature Publishing Group}
}

@article{andrae2004forced,
  title={Forced expression of platelet-derived growth factor B in the mouse cerebellar primordium changes cell migration during midline fusion and causes cerebellar ectopia},
  author={Andrae, Johanna and Afink, Gijs and Zhang, Xiao-Qun and Wurst, Wolfgang and Nist{\'e}r, Monica},
  journal={Molecular and Cellular Neuroscience},
  volume={26},
  number={2},
  pages={308--321},
  year={2004},
  publisher={Elsevier}
}

@article{manser1994brain,
  title={A brain serine/threonine protein kinase activated by Cdc42 and Rac1},
  author={Manser, Edward and Leung, Thomas and Salihuddin, Harfizah and Zhao, Zhuo-shen and Lim, Louis},
  journal={Nature},
  volume={367},
  number={6458},
  pages={40--46},
  year={1994},
  publisher={Nature Publishing Group UK London}
}

@article{safaei1989regulation,
  title={Regulation of microtubule-associated protein 2 (MAP2) mRNA expression during rat brain development},
  author={Safaei, Roohangiz and Fischer, Itzhak},
  journal={Journal of Molecular Neuroscience},
  volume={1},
  pages={189--198},
  year={1989},
  publisher={Springer}
}

@article{yan2023overexpression,
  title={The overexpression and clinical significance of TBX15 in human gliomas},
  author={Yan, Dongming and Yu, Yaping and Ni, Qiongwei and Meng, Qingwen and Wu, Haolin and Ding, Shun and Liu, Xiaoqian and Tang, Caiying and Liu, Qibing and Yang, Kun},
  journal={Scientific Reports},
  volume={13},
  number={1},
  pages={9771},
  year={2023},
  publisher={Nature Publishing Group UK London}
}

@article{liu2020identification,
  title={Identification of hub genes and small-molecule compounds in medulloblastoma by integrated bioinformatic analyses},
  author={Liu, Zhendong and Zhang, Ruotian and Sun, Zhenying and Yao, Jiawei and Yao, Penglei and Chen, Xin and Wang, Xinzhuang and Gao, Ming and Wan, Jinzhao and Du, Yiming and others},
  journal={PeerJ},
  volume={8},
  pages={e8670},
  year={2020},
  publisher={PeerJ Inc.}
}

@article{northcott2011medulloblastoma,
  title={Medulloblastoma comprises four distinct molecular variants},
  author={Northcott, Paul A and Korshunov, Andrey and Witt, Hendrik and Hielscher, Thomas and Eberhart, Charles G and Mack, Stephen and Bouffet, Eric and Clifford, Steven C and Hawkins, Cynthia E and French, Pim and others},
  journal={Journal of clinical oncology},
  volume={29},
  number={11},
  pages={1408},
  year={2011},
  publisher={American Society of Clinical Oncology}
}

