@misc{fantom5,
  title = {Functional Annotation of the Mammalian Genome 5 (FANTOM5)},
  howpublished = {\url{http://fantom.gsc.riken.jp/5/}},
  year = {2014},
  note = {Accessed: October 16, 2023}
}

@techreport{hagberg2008exploring,
  title={Exploring network structure, dynamics, and function using NetworkX},
  author={Hagberg, Aric and Swart, Pieter and S Chult, Daniel},
  year={2008},
  institution={Los Alamos National Lab.(LANL), Los Alamos, NM (United States)}
}

@article{csardi2006igraph,
  title={The igraph software package for complex network research},
  author={Csardi, Gabor and Nepusz, Tamas and others},
  journal={InterJournal, complex systems},
  volume={1695},
  number={5},
  pages={1--9},
  year={2006}
}

@article{bitar2019genes,
  title={Genes with human-specific features are primarily involved with brain, immune and metabolic evolution},
  author={Bitar, Main{\'a} and Kuiper, Stefanie and Oâ€™Brien, Elizabeth A and Barry, Guy},
  journal={BMC bioinformatics},
  volume={20},
  number={9},
  pages={1--12},
  year={2019},
  publisher={BioMed Central}
}

@article{vladoiu2019childhood,
  title={Childhood cerebellar tumours mirror conserved fetal transcriptional programs},
  author={Vladoiu, Maria C and El-Hamamy, Ibrahim and Donovan, Laura K and Farooq, Hamza and Holgado, Borja L and Sundaravadanam, Yogi and Ramaswamy, Vijay and Hendrikse, Liam D and Kumar, Sachin and Mack, Stephen C and others},
  journal={Nature},
  volume={572},
  number={7767},
  pages={67--73},
  year={2019},
  publisher={Nature Publishing Group UK London}
}

@article{riemondy2022neoplastic,
  title={Neoplastic and immune single-cell transcriptomics define subgroup-specific intra-tumoral heterogeneity of childhood medulloblastoma},
  author={Riemondy, Kent A and Venkataraman, Sujatha and Willard, Nicholas and Nellan, Anandani and Sanford, Bridget and Griesinger, Andrea M and Amani, Vladimir and Mitra, Siddhartha and Hankinson, Todd C and Handler, Michael H and others},
  journal={Neuro-oncology},
  volume={24},
  number={2},
  pages={273--286},
  year={2022},
  publisher={Oxford University Press US}
}

@article{virshup2021anndata,
  title={anndata: Annotated data},
  author={Virshup, Isaac and Rybakov, Sergei and Theis, Fabian J and Angerer, Philipp and Wolf, F Alexander},
  journal={BioRxiv},
  pages={2021--12},
  year={2021},
  publisher={Cold Spring Harbor Laboratory}
}

@article{wolf2018scanpy,
  title={SCANPY: large-scale single-cell gene expression data analysis},
  author={Wolf, F Alexander and Angerer, Philipp and Theis, Fabian J},
  journal={Genome biology},
  volume={19},
  pages={1--5},
  year={2018},
  publisher={Springer}
}